<record><leader>00000cas a2200000 a 4500</leader><controlfield tag="001">13433206</controlfield><controlfield tag="008">860415d19061973mouwr ne      0    0eng d</controlfield><datafield ind1=" " ind2=" " tag="010"><subfield code="a">sn 86063285 </subfield></datafield><datafield ind1=" " ind2=" " tag="040"><subfield code="a">KSH</subfield><subfield code="b">eng</subfield><subfield code="c">KSH</subfield><subfield code="d">NPT</subfield><subfield code="d">MQN</subfield><subfield code="d">OCL</subfield><subfield code="d">OCLCQ</subfield></datafield><datafield ind1=" " ind2=" " tag="042"><subfield code="a">msc</subfield></datafield><datafield ind1="0" ind2="4" tag="245"><subfield code="a">The Browning leader-record.</subfield></datafield><datafield ind1=" " ind2=" " tag="260"><subfield code="a">Browning, Mo. :</subfield><subfield code="b">Ryals &amp; Kays,</subfield><subfield code="c">1906-1973.</subfield></datafield><datafield ind1=" " ind2=" " tag="300"><subfield code="a">v. :</subfield><subfield code="b">ill. ;</subfield><subfield code="c">56 cm.</subfield></datafield><datafield ind1=" " ind2=" " tag="310"><subfield code="a">Weekly</subfield></datafield><datafield ind1="0" ind2=" " tag="362"><subfield code="a">Vol. 20, no. 52 (Sept. 27, 1906)-v. 89, no. 8 (Feb. 22, 1973).</subfield></datafield><datafield ind1=" " ind2=" " tag="752"><subfield code="a">United States</subfield><subfield code="b">Missouri</subfield><subfield code="c">Linn</subfield><subfield code="d">Browning.</subfield></datafield><datafield ind1="0" ind2="0" tag="780"><subfield code="t">Leader-record</subfield><subfield code="w">(DLC)sn 89066469</subfield></datafield><datafield ind1="0" ind2="4" tag="785"><subfield code="t">Milan standard (Milan, Mo. : Weekly)</subfield><subfield code="w">(DLC)sn 89066468</subfield></datafield><datafield ind1="1" ind2=" " tag="029"><subfield code="a">AU@</subfield><subfield code="b">000022167787</subfield></datafield></record>